@book{DeepLearningBook,
  author    = {Goodfellow, Ian and Bengio, Yoshua and Courville, Aaron},
  title     = {Deep Learning},
  publisher = {MIT Press},
  year      = {2016},
}

-- Método do gradiente original por Cauchy
@article{CauchyMetodoDoGradiente,
  title   = {M{\'e}thode g{\'e}n{\'e}rale pour la r{\'e}solution des syst{\`e}mes d'{\'e}quations simultan{\'e}es},
  author  = {Cauchy, Augustin-Louis},
  journal = {Comptes Rendus Hebdomadaires des S{\'e}ances de l'Acad{\'e}mie des Sciences},
  volume  = {25},
  pages   = {536--538},
  year    = {1847}
}

-- Artigo que introduz a retropropagação
@article{BackpropagationArticle,
  author  = {Rumelhart, David E. and Hinton, Geoffrey E. and Williams, Ronald J.},
  title   = {Learning Representations by Back-Propagating Errors},
  journal = {Nature},
  year    = {1986},
  volume  = {323},
  pages   = {533--536},
}